% DTU master thesis requirements
@book{DTU_master,
    title={MSc in Human-Centered AI},
    author={Technical University of Denmark},
    year={2024},
    url={https://studieinformation.dtu.dk/english/master-of-science-in-engineering/human-centered-artificial-intelligence/programme-specification#Master's_thesis},
    note={Accessed on: 2024-02-18},
}

[Scientific] Thesis about improving input prediction, shows that it would be hard to improve input prediction much better
@book{Improving_prediction,
    title={Improving Input Prediction in Online Fighting Games},
    author={Ehlert, Anton},
    year={2021},
    url={https://www.diva-portal.org/smash/record.jsf?pid=diva2%3A1560069&dswid=8903},
    note={Accessed on: 2024-02-18},
}

[Scientific] Conference paper about latency effects for professional players, shows that it's a problem
@book{Effects_of_latency,
    title={The Effects of Network Latency on Competitive First-Person Shooter Game Players},
    author={Shengmei Liu, Mark Claypool, Atsuo Kuwahara, James Scovell, Jamie Sherman},
    year={2021},
    url={https://ieeexplore.ieee.org/abstract/document/9465419},
    note={Accessed on: 2024-02-18},
}

[Scientific] Conference paper about How Player Skill Alters the Effects of Network Latency
@book{Alteration_of_latency_by_skill,
    title={How Player Skill Alters the Effects of Network Latency on First Person Shooter Game Players},
    author={Shengmei Liu, Mark Claypool, Atsuo Kuwahara, James Scovell, Jamie Sherman},
    year={2021},
    url={https://findit.dtu.dk/en/catalog/617fda8ad9001d018f581a99},
    note={Accessed on: 2024-02-18},
}

[Scientific] Conference paper about impact of network latency in FPS VR game and quality of experience
@book{Impact_of_latency_vr,
    title={The impact of network latency on gaming QoE for an FPS VR game},
    author={Adams, Douglas},
    year={2029},
    url={https://findit.dtu.dk/en/catalog/5d3d2ea9d9001d333d3674a1},
    note={Accessed on: 2024-02-18},
}

[Scientific] Article about comparing different game engines
@book{Game_engines_comparison,
    title={Overview and Comparative Analysis of Game Engines for Desktop and Mobile Devices},
    author={Adams, Douglas},
    year={2017},
    url={https://ruomo.lib.uom.gr/handle/7000/180},
    note={Accessed on: 2024-02-18},
}

[Scientific] Conference paper about DOD in games
@book{DOD_in_games,
    title={Developing Games with Data-Oriented Design},
    author={Bayliss, Jessica D},
    year={2022},
    url={https://findit.dtu.dk/en/catalog/631e7ade72cc724540d0191a},
    note={Accessed on: 2024-02-18},
}

[Scientific] Conference paper about applications of DOD in games
@book{DOD_applications_in_games,
    title={Application of Data-Oriented Design in Game Development},
    author={Fedoseev, K.; Askarbekuly, N.; Uzbekova, A. E.; Mazzara, M.},
    year={2020},
    url={https://findit.dtu.dk/en/catalog/6005964ed9001d01eb5eb58d},
    note={Accessed on: 2024-02-18},
}

[Scientific] Conference paper about a game written in DOTS
@book{DOTS_in_game,
    title={Dots in unity3d game},
    author={Wang, Xia; Lin, Weizhou; Zhao, Jinkai},
    year={2020},
    url={https://findit.dtu.dk/en/catalog/61110e62d9001d01cb1b9e8c},
    note={Accessed on: 2024-02-18},
}

[Scientific] Thesis about creating game in DOTS while examining tools and methods
@book{DOTS_in_game_2,
    title={Developing an online multiplayer game in Unity},
    author={Tikhomirov, Alexander},
    year={2023},
    url={https://www.theseus.fi/handle/10024/801273},
    note={Accessed on: 2024-02-18},
}

GGPO page
@book{GGPO_page,
    title={GGPO Rollback Networking SDK},
    url={https://www.ggpo.net/},
    note={Accessed on: 2024-02-18},
}

GGPO repository
@book{GGPO_repository,
    title={pond3r/ggpo Good Game, Peace Out Rollback Network SDK},
    url={https://github.com/pond3r/ggpo},
    note={Accessed on: 2024-02-18},
}

Lockstep RTS engine for OOD Unity (2019.2.1f1)
@book{Lockstep_RTS_engine_Unity_OOD,
    title={Lockstep RTS Engine},
    url={https://github.com/mrdav30/LockstepRTSEngine},
    note={Accessed on: 2022-02-18},
}

Deterministic Lockstep with clientside prediction and rollback (archived)
@book{Lockstep_Unity,
    title={Deterministic Lockstep for Unity},
    url={https://github.com/proepkes/UnityLockstep},
    note={Accessed on: 2022-02-18},
}

A DLL that lets you access the ggpo library easily from Unity, and an example project using it.
@book{UnityGGPO,
    title={interop DLL of the ggpo library that works with Unity 3D},
    url={https://github.com/nykwil/UnityGGPO},
    note={Accessed on: 2022-02-18},
}

Unity C# Port of GGPO built atop Hourai Networking
@book{Backroll_ggpo,
    title={Unity C# Port of GGPO},
    url={https://github.com/provencher/Backroll},
    note={Accessed on: 2022-02-18},
}

ME.ECS - it's ECS implementation for Unity Engine with full state automatic rollbacks.
@book{ECS_unity_implementation,
    title={ECS for Unity with full game state automatic rollbacks},
    url={https://github.com/chromealex/ecs},
    note={Accessed on: 2022-02-18},
}

Framework for lockstep RTS, TD, and MOBA games.
@book{Lockstape_framework,
    title={Framework for lockstep in Unity},
    url={https://github.com/SnpM/LockstepFramework},
    note={Accessed on: 2022-02-18},
}

GGPOZ page (maybe I don't want to use it actually)
@book{GGPOZ_page,
    title={GGPOZ SDK},
    url={https://ggpoz.com/},
    note={Accessed on: 2024-02-18},
}

Fightcade page
@book{Fightcade_page,
    title={Matchmaking application for playing games online},
    url={https://www.fightcade.com/},
    note={Accessed on: 2024-02-18},
}

GGPO wikipedia page
@book{GGPO_wikipedia,
    title={GGPO - Wikipedia},
    url={https://en.wikipedia.org/wiki/GGPO},
    note={Accessed on: 2024-02-18},
}

Story about implementation of multiplayer game
@book{Mulitiplayer_implementation_blog,
    title={The Challenges in implementing an online multiplayer game},
    url={https://www.gamedeveloper.com/game-platforms/online-multiplayer-the-hard-way},
    note={Accessed on: 2024-02-18},
}

Testing determinism in DOTS
@book{DOTS_determinism_test,
    title={Deterministic Prototyping in Unity DOTs},
    url={https://www.jdxdev.com/blog/2019/08/02/deterministic-unity-dots/},
    note={Accessed on: 2022-02-18},
}

Overview of rollback networking
@book{Rollback_overview,
    title={Rollback Networking in Peer-To-Peer Video Games},
    url={https://cameroncohu.com/wp-content/uploads/2021/05/Rollback-Networking-in-Peer-to-Peer-Video-Games.pdf},
    note={Accessed on: 2022-02-18},
}

Unity forum talk about determinism
@book{Determinism_forum_talk,
    title={DOTS determinism not yet? Forum talk},
    url={https://forum.unity.com/threads/dots-determinism-not-yet-or-is-it-restricted-some-tests.846991/},
    note={Accessed on: 2022-02-18},
}

Unity forum talk about deterministic rollback
@book{Deterministic_rollback_forum_talk,
    title={Deterministic Rollback/Lockstep. Forum talk},
    url={https://forum.unity.com/threads/deterministic-rollback-lockstep.1017223/},
    note={Accessed on: 2022-02-18},
}

Explanation of delayed-based and rollback netcodes
@book{Delaybased_rollback_explanation,
    title={Explaining how fighting games use delay-based and rollback netcode},
    url={https://arstechnica.com/gaming/2019/10/explaining-how-fighting-games-use-delay-based-and-rollback-netcode/},
    note={Accessed on: 2024-02-18},
}

[Scientific] Thesis about the struggles the competitive fighting game community had with poor online multiplayer during the pandemic and how rollback netcode aims to remedy that problem as well as provide easy online play for everyone.
@book{Rollback_covid,
    title={Rollback Netcode: How to Sustain a Competitive Fighting Game Community},
    author={Van Ligten, Connor},
    year={2022},
    url={https://keep.lib.asu.edu/items/166176},
    note={Accessed on: 2024-02-18},
}

Unity page about DOTS
@book{DOTS_page,
    title={Unity DOTS webpage},
    url={https://unity.com/dots},
    note={Accessed on: 2024-02-18},
}

Page comparing object oriented vs data oriented
@book{DOD_vs_OOD,
    title={Data-Oriented vs Object-Oriented Design},
    url={https://medium.com/@jonathanmines/data-oriented-vs-object-oriented-design-50ef35a99056},
    note={Accessed on: 2024-02-18},
}

Wikipedia page about DOD
@book{DOD_wikipedia,
    title={DOD - Wikipedia},
    url={https://en.wikipedia.org/wiki/Data-oriented_design},
    note={Accessed on: 2024-02-18},
}

Photon quantum page
@book{Photon_quantum,
    title={Photonengine - quantum},
    url={https://www.photonengine.com/quantum#},
    note={Accessed on: 2024-02-18},
}

https://shaderfun.com/2020/10/25/understanding-determinism-part-1-intro-and-floating-points/

https://outof.pizza/posts/rollback/

https://gist.github.com/rcmagic/f8d76bca32b5609e85ab156db38387e9

https://www.reddit.com/r/Fighters/comments/jfzym8/is_there_a_resource_to_learning_how_to_create/

https://blog.hypersect.com/rollback-networking-in-inversus/

https://repositori.uji.es/xmlui/handle/10234/203618

https://medium.com/my-games-company/exploring-unity-dots-and-ecs-is-it-a-game-changer-b21b5d18674b

https://learn.unity.com/course/dots-best-practices

https://80.lv/articles/breakdown-rollback-netcode-and-other-multiplayer-solutions-explained/

https://aaltodoc.aalto.fi/items/e4e61b62-08d2-44b8-aabf-c1bbbe0033fe

https://pure.ulster.ac.uk/en/publications/good-game-peace-out